@InProceedings{Li2018mmdaae,
author = {Li, Haoliang and Jialin Pan, Sinno and Wang, Shiqi and Kot, Alex C.},
title = {Domain Generalization With Adversarial Feature Learning},
booktitle = {CVPR},
year = {2018}
}

@InProceedings{Massimiliano2018ICIP,
author={Massimiliano Mancini and Samuel Rota Bulo` and Barbara Caputo and Elisa Ricci},
title = {BEST SOURCES FORWARD:
DOMAIN GENERALIZATION THROUGH SOURCE-SPECIFIC NETS},
booktitle = {ICIP},
year = {2018}
}

@inproceedings{Li2018MLDG,
   title={Learning to Generalize: Meta-Learning for Domain Generalization},
   author={Li, Da and Yang, Yongxin and Song, Yi-Zhe and Hospedales, Timothy},
  	booktitle={AAAI},
  	year={2018}
 }
 
 @inproceedings{Li2017dg,
  			title={Deeper, Broader and Artier Domain Generalization},
  			author={Li, Da and Yang, Yongxin and Song, Yi-Zhe and Hospedales, Timothy},
  			booktitle={ICCV},
  			year={2017}
		}

@techreport{Bilen17,
  title = {Universal representations: The missing link between faces, text, planktons, and cat breeds},
  author = {Bilen, Hakan and Vedaldi, Andrea},
  organization = {arXiv preprint arXiv:1701.07275},
  year = {2017}
}

@InProceedings{motiian2017CCSA,
  Title                    = {Unified Deep Supervised Domain Adaptation and Generalization},
  Author                   = {Motiian, Saeid and Piccirilli, Marco and Adjeroh, Donald A. and Doretto, Gianfranco},
  Booktitle                = {ICCV},
  Year                     = {2017}
 }


 @InProceedings{Xu2014lre,
author = {Zheng Xu and Wen Li and Li Niu and Dong Xu},
title = {Exploiting Low-Rank Structure from Latent Domains for Domain Generalization},
booktitle = {ECCV},

year = {2014}
}

 @InProceedings{Ghifary2015mtae,
author = {Muhammad Ghifary and W. Bastiaan Kleijn and Mengjie Zhang and David Balduzzi},
title = {Domain Generalization for Object Recognition with Multi-task Autoencoders},
booktitle = {ICCV},

year = {2015}
}


@inproceedings{Rebuffi18,
  title = {Efficient parametrization of multi-domain deep neural networks},
  author = {Rebuffi, Sylvestre-Alvise and Bilen, Hakan and Vedaldi, Andrea},
  booktitle = {CVPR},
  year = {2018},
  xcode = {https://github.com/srebuffi/residual_adapters}
}

@inproceedings{Rebuffi17,
  title = {Learning multiple visual domains with residual adapters},
  author = {Rebuffi, Sylvestre-Alvise and Bilen, Hakan and Vedaldi, Andrea},
  booktitle = {NIPS},
  year = {2017},
  xcode = {https://github.com/srebuffi/residual_adapters}
}

@inproceedings{zsda_18,
 author = "Atsutoshi Kumagai and Tomoharu Iwata",
 title = "Zero-shot Domain Adaptation without Domain Semantic Descriptors",
 booktitle = "arxiv",
 year = "2018"
}

@InProceedings{chaudhar2017entropySGD,
  author    = {Pratik Chaudhar and Anna Choromansk and Stefano Soatt and Yann LeCun and Carlo Baldass and Christian Borg and Jennifer Chays and Levent Sagun and Riccardo Zecchina},
  title     = {Entropy-SGD: Biasing Gradient Descent into Wide Valleys},
  booktitle = {ICLR},
  year      = {2017},
  file      = {chaudhar2017entropySGD.pdf:chaudhar2017entropySGD.pdf:PDF},
  keywords  = {minima quality},
}

@inproceedings{
shankar2018generalizing,
title={Generalizing Across Domains via Cross-Gradient Training},
author={Shiv Shankar and Vihari Piratla and Soumen Chakrabarti and Siddhartha Chaudhuri and Preethi Jyothi and Sunita Sarawagi},
booktitle={ICLR},
year={2018},
url={https://openreview.net/forum?id=r1Dx7fbCW},
}

@inproceedings{riccardo_nips18,
 author = "Riccardo Volpi and Hongseok Namkoong and Ozan Sener and John Duchi and Vittorio Murino and 
Silvio Savarese",
 title = "Generalizing to Unseen Domains via Adversarial Data Augmentation",
 booktitle = "NeurIPS",
 year = "2018"
}

@article{mishra2017metaTC,
  author    = {Nikhil Mishra and Mostafa Rohaninejad and Xi Chen and Pieter Abbeel},
  title     = {Meta-Learning with Temporal Convolutions},
  journal = {arXiv},
  year      = {2017},
}

@incollection{Bengio+chapter2007,
author = {Bengio, Yoshua and LeCun, Yann},
booktitle = {Large Scale Kernel Machines},
publisher = {MIT Press},
title = {Scaling Learning Algorithms Towards {AI}},
year = {2007}
}

@article{Hinton06,
author = {Hinton, Geoffrey E. and Osindero, Simon and Teh, Yee Whye},
journal = {Neural Computation},
pages = {1527--1554},
title = {A Fast Learning Algorithm for Deep Belief Nets},
volume = {18},
year = {2006}
}

@InProceedings{donahue2014decaf,
  Title                    = {DeCAF: A Deep Convolutional Activation Feature for Generic Visual Recognition},
  Author                   = {Jeff Donahue and Yangqing Jia and Oriol Vinyals and Judy Hoffman and Ning Zhang and Eric Tzeng and Trevor Darrell},
  Booktitle                = {ICML},
  Year                     = {2014}
}

@article{shazeer2017outrageously,
  title={Outrageously large neural networks: The sparsely-gated mixture-of-experts layer},
  author={Shazeer, Noam and Mirhoseini, Azalia and Maziarz, Krzysztof and Davis, Andy and Le, Quoc and Hinton, Geoffrey and Dean, Jeff},
  journal={arXiv preprint arXiv:1701.06538},
  year={2017}
}

@inproceedings{shai2006nipsdomainadaptation,
  title={Analysis of representations for domain adaptation},
  author={Shai Ben-David and John Blitzer and Koby Crammer and Fernando Pereira},
  booktitle={NIPS},
  year={2006}
}

@inproceedings{mslongnips2016,
  title={Unsupervised Domain Adaptation with Residual Transfer Networks},
  author={Mingsheng Long and Han Zhu and Jianmin Wang and Michael I. Jordan},
  booktitle={NIPS},
  year={2016}
}
 
 @inproceedings{andrychowicz2016learning,
  title={Learning to learn by gradient descent by gradient descent},
  author={Andrychowicz, Marcin and Denil, Misha and Gomez, Sergio and Hoffman, Matthew W and Pfau, David and Schaul, Tom and de Freitas, Nando},
  booktitle={NIPS},
  year={2016}
}

@article{tzeng2014deep,
  title={Deep domain confusion: Maximizing for domain invariance},
  author={Tzeng, Eric and Hoffman, Judy and Zhang, Ning and Saenko, Kate and Darrell, Trevor},
  journal={arXiv},
  year={2014}
}

@inproceedings{long2015learning,
  title={Learning transferable features with deep adaptation networks},
  author={Long, Mingsheng and Cao, Yue and Wang, Jianmin and Jordan, Michael},
  booktitle={ICML},
  year={2015}
}

@inproceedings{ganin2015unsupervised,
  title={Unsupervised domain adaptation by backpropagation},
  author={Ganin, Yaroslav and Lempitsky, Victor},
  booktitle={ICML},
  year={2015}
}
@inproceedings{bousmalis2016domain,
  title={Domain separation networks},
  author={Bousmalis, Konstantinos and Trigeorgis, George and Silberman, Nathan and Krishnan, Dilip and Erhan, Dumitru},
  booktitle={NIPS},
  year={2016}
}

@InProceedings{snell2017prototypicalNets,
  author    = {Jake Snell and Kevin Swersky and Richard S. Zemel},
  title     = {Prototypical Networks for Few Shot Learning},
  booktitle = {NIPS},
  year      = {2017},
  file      = {snell2017prototypicalNets.pdf:snell2017prototypicalNets.pdf:PDF},
  keywords  = {meta},
}


@InProceedings{vinyals2016oneShot,
  author    = {Oriol Vinyals and Charles Blundell and Timothy Lillicrap and Koray Kavukcuoglu and Daan Wierstra},
  title     = {Matching Networks for One Shot Learning},
  booktitle = {NIPS},
  year      = {2016}
}

@inproceedings{muandet2013domaingeneralization,
  title={Domain generalization via invariant feature representation},
  author={Muandet, Krikamol and Balduzzi, David and Sch{\"o}lkopf, Bernhard},
  booktitle={ICML},
  year={2013}
}

@inproceedings{da2017dg,
  			title={Deeper, Broader and Artier Domain Generalization},
  			author={Li, Da and Yang, Yongxin and Song, Yi-Zhe and Hospedales, Timothy M.},
  			booktitle={ICCV},
  			year={2017}
		}

@inproceedings{ghifary2015domain,
  title={Domain generalization for object recognition with multi-task autoencoders},
  author={Ghifary, Muhammad and Bastiaan Kleijn, W and Zhang, Mengjie and Balduzzi, David},
  booktitle={ICCV},
  year={2015}
}

@inproceedings{metanetworks2017,
  author    = {Tsendsuren Munkhdalai and Hong Yu},
  title     = {Meta Networks},
  booktitle   = {ICML},
  year      = {2017}
}

@inproceedings{ravi2016optimization,
  title={Optimization as a model for few-shot learning},
  author={Ravi, Sachin and Larochelle, Hugo},
  booktitle = {ICLR},
  year={2017}
}

@InProceedings{finn2017sslRL,
  author    = {Chelsea Finn and Tianhe Yu and Justin Fu and Pieter Abbeel and Sergey Levine},
  title     = {Generalizing Skills with Semi-Supervised Reinforcement Learning},
  booktitle = {ICLR},
  year      = {2017}
}

@inproceedings{finn2017model,
  title={Model-Agnostic Meta-Learning for Fast Adaptation of Deep Networks},
  author={Finn, Chelsea and Abbeel, Pieter and Levine, Sergey},
  booktitle={ICML},
  year={2017}
}

@inproceedings{ian2014nnanalysis,
  title={Qualitatively characterizing neural network
optimization problems},
  author={Ian J Goodfellow and Oriol Vinyals and Andrew M Saxe},
  booktitle={ICLR},
  year={2015}
}

@inproceedings{sung2018learning,
  title={Learning to Compare: Relation Network for Few-Shot Learning},
  author={Sung, Flood and Yang, Yongxin and Zhang, Li and Xiang, Tao and Torr, Philip HS and Hospedales, Timothy M},
  booktitle={CVPR},
  year={2018}
}

@inproceedings{fin2018university,
  title={Meta-learning and universality: Deep representations and gradient descent can approximate any learning algorithm},
  author={Finn, Chelsea and Levine, Sergey},
  booktitle={ICLR},
  year={2018}
}

@inproceedings{ccsa2017dg,
  title={Unified Deep Supervised Domain Adaptation and Generalization
},
  author={Saeid Motiian and Marco Piccirilli and Donald A. Adjeroh and Gianfranco Doretto},
  booktitle={ICCV},
  year={2017}
}

@inproceedings{yiwu2018generalizerl,
  title={BUILDING GENERALIZABLE AGENTS
WITH A REALISTIC AND RICH 3D ENVIRONMENT
},
  author={Yi Wu and Yuxin Wu and Georgia Gkioxari and Yuandong Tian},
  booktitle={ICLR},
  year={2018}
}

@article{ganin2016dann,
  title={Domain-Adversarial Training of Neural Networks
},
  author={Ganin, Yaroslav and Ustinova, Evgeniya and Ajakan, Hana and Germain, Pascal and Larochelle, Hugo and Laviolette, Fran{\c{c}}ois and Marchand, Mario and Lempitsky, Victor},
  journal={JMLR},
  year={2016}
}

@inproceedings{yang2015mdlmtl,
  title={A UNIFIED PERSPECTIVE ON MULTI-DOMAIN AND MULTI-TASK LEARNING
},
  author={Yongxin Yang and Timothy M. Hospedales},
  booktitle={ICLR},
  year={2015}
}

@InProceedings{lopezpaz2017GEM,
  author    = {David Lopez-Paz and Marc’Aurelio Ranzato},
  title     = {Gradient Episodic Memory for Continual Learning},
  booktitle = {NIPS},
  year      = {2017},
  file      = {lopezpaz2017GEM.pdf:lopezpaz2017GEM.pdf:PDF},
}


@inproceedings{Khosla12undobias,
 author = "Aditya Khosla and Tinghui Zhou and Tomasz Malisiewicz and Alexei Efros and Antonio Torralba",
 title = "Undoing the Damage of Dataset Bias",
 booktitle = "ECCV",
 year = "2012"
}

@inproceedings{ha2016hypernet,
title = {HyperNetworks},
author  = {David Ha and Andrew Dai and Quoc Le},
booktitle = {ICLR},
year  = {2016}
}

@inproceedings{Bengio2009Curriculum,
title = {Curriculum Learning},
author  = {Yoshua Bengio and Jérôme Louradour and Ronan Collobert and Jason Weston},
booktitle = {ICML},
year  = {2009}
}

@Article{schmidhuber1997inductiveBias,
  author   = {Schmidhuber, J{\"u}rgen and Zhao, Jieyu and Wiering, Marco},
  title    = {Shifting Inductive Bias with Success-Story Algorithm, Adaptive Levin Search, and Incremental Self-Improvement},
  journal  = {Machine Learning},
  year     = {1997}
}

@inproceedings{NIPS1991ERM,
title = {Principles of Risk Minimization for Learning Theory},
author = {Vapnik, V.},
booktitle = {NIPS},
year = {1992}
}

@InProceedings{ruvolo2013ella,
  Title                    = {ELLA: An efficient lifelong learning algorithm},
  Author                   = {Paul Ruvolo and Eric Eaton},
  Booktitle                = {ICML},
  Year                     = {2013}
}

@InProceedings{pentina2015lllnoniid,
  Title                    = {Lifelong Learning with Non-i.i.d. Tasks},
  Author                   = {Anastasia Pentina and Christoph H. Lampert},
  Booktitle                = {NIPS},
  Year                     = {2015}
}

@inproceedings{hochreiter2001learningGD,
  author    = {Hochreiter, Sepp and Younger, A. Steven and Conwell, Peter R.},
  title     = {Learning to Learn Using Gradient Descent},
  booktitle = {ICANN},
  year      = {2001}
}
@InProceedings{razavian2014cnnAstound,
  Title                    = {{CNN} Features Off-the-Shelf: An Astounding Baseline for Recognition},
  Author                   = {Razavian, A.S. and Azizpour, H. and Sullivan, J. and Carlsson, S.},
  Booktitle                = {CVPR Workshops},
  Year                     = {2014}
}

@InProceedings{jaderberg2017unsupAuxRL,
  author    = {Max Jaderberg and Volodymyr Mnih and Wojciech Marian Czarnecki and Tom Schaul and Joel Z Leibo and David Silver and Koray Kavukcuoglu},
  title     = {Reinforcement learning with unsupervised auxiliary tasks},
  booktitle = {ICLR},
  year      = {2017},
}

@InProceedings{doersch2017mtlSelfSup,
  author    = {Carl Doersch and Andrew Zisserman},
  title     = {Multi-task Self-Supervised Visual Learning},
  booktitle = {ICCV},
  year      = {2017},
  keywords  = {jieru},
}

@InProceedings{resnetcvpr2016,
  author    = {Kaiming He and
               Xiangyu Zhang and
               Shaoqing Ren and
               Jian Sun},
  title     = {Deep Residual Learning for Image Recognition},
  booktitle   = {CVPR},
  year      = {2016}
}

@InProceedings{mmdaaecvpr2018,
author = {Li, Haoliang and Jialin Pan, Sinno and Wang, Shiqi and C Kot, Alex},
year = {2018},
booktitle  = {CVPR},
title = {Domain Generalization with Adversarial Feature Learning}
}

@Article{smith2002humanL2L,
  author        = {Linda B. Smith and Susan S. Jones and Barbara Landau and Lisa Gershkoff-Stowe and Larissa Samuelson},
  title         = {Object name Learning Provides On-the-Job Training for Attention},
  journal       = {Psychological Science},
  year          = {2002}
}

@Article{Lowe2004sift,
  author        = {David G. Lowe},
  title         = {Distinctive image features from scale-invariant keypoints},
  journal       = {IJCV},
  year          = {2004}
}

@InProceedings{decaf2014icml,
author = {Jeff Donahue and Yangqing Jia and Oriol Vinyals and Judy Hoffman and Ning Zhang and Eric Tzeng and Trevor Darrell},
year = {2014},
booktitle  = {ICML},
title = {Decaf: A deep convolutional activation feature for generic visual recognition}
}

@Article{Everingham10, 
   author = "Everingham, Mark and Van Gool, Luc and K. I. Williams, Christopher and Winn, John and Zisserman, Andrew.", 
   title = "The Pascal Visual Object Classes (VOC) challenge", 
   journal = "IJCV", 
   year = "2010"
} 

@Article{, 
   author = "Russell, Bryan C and Torralba, Antonio and Murphy, Kevin P and Freeman, William T", 
   title = "LabelMe: a database and web-based tool for image annotation", 
   journal = "IJCV", 
   year = "2007"
} 

@InProceedings{Ioffe2015bn,
author = {Sergey Ioffe and Christian Szegedy},
year = {2015},
booktitle  = {ICML},
title = {Batch normalization: Accelerating deep network training by reducing internal covariate shift}
}

@InProceedings{Szegedy2016inceptionv3,
author = {Christian Szegedy and Vincent Vanhoucke and Sergey Ioffe and Jon Shlens and Zbigniew Wojna},
year = {2016},
booktitle  = {CVPR},
title = {Rethinking the inception architecture for computer vision}
}

@InProceedings{He2016resnet,
author = {Kaiming He and Xiangyu Zhang and Shaoqing Ren and Jian Sun},
year = {2016},
booktitle  = {CVPR},
title = {Deep Residual Learning for Image Recognition}
}

@article{russell08labelme,

  author = {Russell, Bryan C and Torralba, Antonio and Murphy, Kevin P and Freeman, William T},
  journal = {IJCV},
  title = {LabelMe: A Database and Web-Based Tool for Image Annotation},
  year = 2008
}

@InProceedings{Feifei2004caltech,
author = {Li , Fei-Fei and Rob, Fergus and Pietro, Perona},
year = {2004},
booktitle  = {CVPR Workshop on Generative-Model Based Vision},
title = {Learning generative visual models from few training examples: an incremental Bayesian approach tested on 101 object categories}
}

@InProceedings{Choi2010sun09,
author = {Myung Jin Choi and Joseph Lim and Antonio Torralba},
year = {2010},
booktitle  = {CVPR},
title = {Exploiting Hierarchical Context on a Large Database of Object Categories}
}

@article{DBLP:journals/corr/abs-1803-02999,
  author    = {Alex Nichol and
               Joshua Achiam and
               John Schulman},
  title     = {On First-Order Meta-Learning Algorithms},
  journal   = {CoRR},
  volume    = {abs/1803.02999},
  year      = {2018},
  url       = {http://arxiv.org/abs/1803.02999},
  archivePrefix = {arXiv},
  eprint    = {1803.02999},
  timestamp = {Mon, 13 Aug 2018 16:48:00 +0200},
  biburl    = {https://dblp.org/rec/bib/journals/corr/abs-1803-02999},
  bibsource = {dblp computer science bibliography, https://dblp.org}
}


@Article{russakovsky2015ilsvrc,
  author     = {Russakovsky, Olga and Deng, Jia and Su, Hao and Krause, Jonathan and Satheesh, Sanjeev and Ma, Sean and Huang, Zhiheng and Karpathy, Andrej and Khosla, Aditya and Bernstein, Michael and Berg, Alexander C. and Fei-Fei, Li},
  title      = {ImageNet Large Scale Visual Recognition Challenge},
  journal    = {IJCV},
  year       = {2015}
}

@InProceedings{chen2013vlcs,
author = {Fang, Chen and Xu, Ye and N. Rockmore, Daniel},
year = {2013},
booktitle  = {ICCV},
title = {Unbiased Metric Learning: On the Utilization of Multiple Datasets and Web Images for Softening Bias}
}

@InProceedings{Zhang2018dml,
author = {Ying Zhang and Tao Xiang and Timothy M. Hospedales and Huchuan Lu},
year = {2018},
booktitle  = {CVPR},
title = {Deep Mutual Learning}
}

@article{daniel2006ixmax,
author = {Weinland, Daniel and Ronfard, Remi and Boyer, Edmond},
year = {2006},
title  = {Free Viewpoint Action Recognition Using Motion History Volumes},
journal = {CVIU}
}

@InProceedings{Keskar2017sharpminima,
author = {Nitish Shirish Keskar and Dheevatsa Mudigere and Jorge Nocedal and Mikhail Smelyanskiy and Ping Tak Peter Tang},
year = {2017},
booktitle  = {ICLR},
title = {On Large-Batch Training for Deep Learning: Generalization Gap and Sharp Minima}
}

@InProceedings{NIPS2012Alexnet,
title = {ImageNet Classification with Deep Convolutional Neural Networks},
author = {Alex Krizhevsky and Sutskever, Ilya and Hinton, Geoffrey E},
booktitle = {NIPS},
editor = {F. Pereira and C. J. C. Burges and L. Bottou and K. Q. Weinberger},
pages = {1097--1105},
year = {2012},
publisher = {Curran Associates, Inc.},
url = {http://papers.nips.cc/paper/4824-imagenet-classification-with-deep-convolutional-neural-networks.pdf}
}

@InProceedings{NIPS2018_metareg,
title = {MetaReg: Towards Domain Generalization using Meta-Regularization},
author = {Balaji, Yogesh and Sankaranarayanan, Swami and Chellappa, Rama},
booktitle = {NeurIPS},
year = {2018},
url = {http://papers.nips.cc/paper/7378-metareg-towards-domain-generalization-using-meta-regularization.pdf}
}

@InProceedings{saito2017maximum,
  title={Maximum Classifier Discrepancy for Unsupervised Domain Adaptation},
  author={Saito, Kuniaki and Watanabe, Kohei and Ushiku, Yoshitaka and Harada, Tatsuya},
  booktitle={CVPR},
  year={2018}
}

@misc{li2019episodic,
	title={Episodic Training for Domain Generalization},
	author={Da Li and Jianshu Zhang and Yongxin Yang and Cong Liu and Yi-Zhe Song and Timothy M. Hospedales},
	year={2019},
	eprint={1902.00113},
	archivePrefix={arXiv},
	primaryClass={cs.CV}
}