%% This BibTeX bibliography file was created using BibDesk.
%% http://bibdesk.sourceforge.net/

%% Created for Bohyung Han at 2019-09-16 10:24:00 +0900 


%% Saved with string encoding Unicode (UTF-8) 



@inproceedings{SH1,
	Author = {Cabral, Brian and Max, Nelson and Springmeyer, Rebecca},
	Title = {Bidirectional reflection functions from surface bump maps},
	Year = {1987}
}

@inproceedings{SH2,
	Author = {Wu, Lifan and Cai, Guangyan and Zhao, Shuang and Ramamoorthi, Ravi},
	Booktitle = {ACM Trans. Graph},
	Title = {Analytic spherical harmonic gradients for realtime rendering with many polygonal area lights},
	Year = {2020}}
