%% This BibTeX bibliography file was created using BibDesk.
%% http://bibdesk.sourceforge.net/

%% Created for Bohyung Han at 2019-09-16 10:24:00 +0900 


%% Saved with string encoding Unicode (UTF-8) 



@inproceedings{BERT,
  author    = {Devlin, Jacob and Chang, Ming-Wei and Lee, Kenton and Toutanova, Kristina},
  booktitle = {NAACL},
  title     = {{BERT: Pre-training of Deep Bidirectional Transformers for Language Understanding}},
  year      = {2019}
}

@inproceedings{SA,
  author    = {Vaswani, Ashish and Shazeer, Noam and Parmar, Niki and Uszkoreit, Jakob and Jones, Llion and Gomez, Aidan N and Kaiser, ≈Åukasz and Polosukhin, Illia},
  booktitle = {NeurIPS},
  title     = {{Attention is all you need}},
  year      = {2017}
}


@inproceedings{SiamFC,
  title     = {Fully-Convolutional Siamese Networks for Object Tracking},
  author    = {Bertinetto, Luca and Valmadre, Jack and Henriques, Jo{\~a}o F and Vedaldi, Andrea and Torr, Philip HS},
  booktitle = {ECCV Workshops},
  year      = {2016}
}

@inproceedings{DiMP,
  title     = {Learning Discriminative Model Prediction for Tracking},
  author    = {Bhat, Goutam and Danelljan, Martin and Van Gool, Luc and Timofte, Radu},
  booktitle = {ICCV},
  year      = {2019}
}


@inproceedings{ATOM,
  title     = {Atom: Accurate tracking by overlap maximization},
  author    = {Danelljan, Martin and Bhat, Goutam and Khan, Fahad Shahbaz and Felsberg, Michael},
  booktitle = {CVPR},
  year      = {2019}
}