@InProceedings{Inevit1,
	author = { A. Fawzi and H. Fawzi and O Fawzi},
	title     = {Adversarial vulnerability for any classifier},
	booktitle   = {NeurIPS},
	year      = {2018}
}

@InProceedings{Inevit2,
	author = {A. Shafahi and W. R. Huang and C. Studer and S. Feizi and T Goldstein},
	title     = {Are adversarial examples inevitable?},
	booktitle   = {CoRR, abs/1809.02104},
	year      = {2018}
}

