@misc{RCG,
    title={Recursively Conditional Gaussian for Ordinal Unsupervised Domain Adaptation},
    author={Xiaofeng Liu and Site Li and Yubin Ge and Pengyi Ye and Jane You and Jun Lu.},
    year={2021},
    book={ICCV}
}