%% This BibTeX bibliography file was created using BibDesk.
%% http://bibdesk.sourceforge.net/

%% Created for Bohyung Han at 2019-09-16 10:24:00 +0900 


%% Saved with string encoding Unicode (UTF-8) 



@inproceedings{BERT,
	Author = {Devlin, Jacob and Chang, Ming-Wei and Lee, Kenton and Toutanova, Kristina},
	Booktitle = {NAACL},
	Title = {{BERT: Pre-training of Deep Bidirectional Transformers for Language Understanding}},
	Year = {2019}
}

@inproceedings{SA,
	Author = {Vaswani, Ashish and Shazeer, Noam and Parmar, Niki and Uszkoreit, Jakob and Jones, Llion and Gomez, Aidan N and Kaiser, ≈Åukasz and Polosukhin, Illia},
	Booktitle = {NeurIPS},
	Title = {{Attention is all you need}},
	Year = {2017}}
