%% This BibTeX bibliography file was created using BibDesk.
%% http://bibdesk.sourceforge.net/

%% Created for Bohyung Han at 2019-09-16 10:24:00 +0900 


%% Saved with string encoding Unicode (UTF-8) 



@inproceedings{BERT,
	Author = {Devlin, Jacob and Chang, Ming-Wei and Lee, Kenton and Toutanova, Kristina},
	Booktitle = {NAACL},
	Title = {{BERT: Pre-training of Deep Bidirectional Transformers for Language Understanding}},
	Year = {2019}
}

@inproceedings{SA,
	Author = {Vaswani, Ashish and Shazeer, Noam and Parmar, Niki and Uszkoreit, Jakob and Jones, Llion and Gomez, Aidan N and Kaiser, ≈Åukasz and Polosukhin, Illia},
	Booktitle = {NeurIPS},
	Title = {{Attention is all you need}},
	Year = {2017}}

@inproceedings{Faster,
 author = {Ren, Shaoqing and He, Kaiming and Girshick, Ross and Sun, Jian},
 booktitle = {NeurIPS},
 title = {Faster R-CNN: Towards Real-Time Object Detection with Region Proposal Networks},
 year = {2015}
}

@inproceedings{Hung,
 author = {Stewart, Russell and Andriluka, Mykhaylo and Ng, Andrew Y.},
 booktitle = {CVPR},
 title = {End-to-end people detection in crowded scenes},
 year = {2016}
}
