@InProceedings{Resnetcvpr2016,
	author    = {Kaiming He and
	Xiangyu Zhang and
	Shaoqing Ren and
	Jian Sun},
	title     = {Deep Residual Learning for Image Recognition},
	booktitle   = {CVPR},
	year      = {2016}
}

@InProceedings{vgg,
	author    = {Karen Simonyan and Andrew Zisserman},
	title     = {Very deep convolutional networks for large-scale image recognition},
	booktitle   = {ICLR},
	year      = {2015}
}

@InProceedings{densenet,
	author    = {Gao Huang and Zhuang Liu and Laurens van der Maaten and Kilian Q Weinberger},
	title     = {Densely connected convolutional networks},
	booktitle   = {CVPR},
	year      = {2017}
}

@InProceedings{Li2017,
    author = {Hao Li and Asim Kadav and Igor Durdanovic and Hanan Samet and Hans Peter Graf},
    title     = {Pruning filters for efficient convnets},
    booktitle   = {ICLR},
    year      = {2017}
}

@InProceedings{Luo2017,
	author = {Jian-Hao Luo and Jianxin Wu and and Weiyao Lin},
	title     = { Thinet: A filter level pruning method for deep neural network compression},
	booktitle   = {ICCV},
	year      = {2017}
}


@InProceedings{He2017b,
	author = {Yihui He and Xiangyu Zhang and Jian Sun},
	title     = {Channel pruning for accelerating very deep neural networks},
	booktitle   = {ICCV},
	year      = {2017}
}

@InProceedings{He2018a,
	author = {Yang He and Guoliang Kang and Xuanyi Dong and Yanwei Fu and Yi Yang},
	title     = {Soft filter pruning for accelerating deep convolutional neural networks},
	booktitle   = {IJCAI},
	year      = {2018}
}

@InProceedings{Liu2017,
	author = {Zhuang Liu and Jianguo Li and Zhiqiang Shen and Gao Huang and Shoumeng Yan and Changshui Zhang},
	title     = {Learning efficient convolutional networks through network slimming},
	booktitle   = {ICCV},
	year      = {2017}
}

@InProceedings{Huang2018,
	author = {Zehao Huang and Naiyan Wang},
	title     = {Learning efficient convolutional networks through network slimming},
	booktitle   = {ECCV},
	year      = {2018}
}

@InProceedings{Han2015,
	author = {Song Han and Jeff Pool and John Tran and William Dally},
	title     = {Learning both weights and connections for efficient neural network},
	booktitle   = {NIPS},
	year      = {2015}
}


