%% This BibTeX bibliography file was created using BibDesk.
%% http://bibdesk.sourceforge.net/

%% Created for Bohyung Han at 2019-09-16 10:24:00 +0900 


%% Saved with string encoding Unicode (UTF-8) 

