%% This BibTeX bibliography file was created using BibDesk.
%% http://bibdesk.sourceforge.net/

%% Created for Bohyung Han at 2019-09-16 10:24:00 +0900 


%% Saved with string encoding Unicode (UTF-8) 



@inproceedings{wug2018fast,
	Author = {Oh, Seoung Wug and Lee, Joon-Young and Sunkavalli, Kalyan and Kim, Seon Joo},
	Booktitle = {CVPR},
	Title = {{Fast Video Object Segmentation by Reference-guided Mask Propagation}},
	Year = {2018}}

@inproceedings{hu2018motion,
	Author = {Hu, Ping and Wang, Gang and Kong, Xiangfei and Kuen, Jason and Tan, Yap-Peng},
	Booktitle = {CVPR},
	Title = {{Motion-guided Cascaded Refinement Network for Video Object Segmentation}},
	Year = {2018}}
